<?xml version="1.0" encoding="UTF-8"?><collection xmlns="http://www.loc.gov/MARC21/slim"><record><leader>00724nam--2200229-i-4500</leader><controlfield tag="001">000007245</controlfield><controlfield tag="002">20161230</controlfield><controlfield tag="005">20161230201027</controlfield><controlfield tag="008">060222s1000------------r-----000-0-rus-d</controlfield><datafield ind1=" " ind2=" " tag="040"><subfield code="a">IFIN-HH</subfield></datafield><datafield ind1=" " ind2=" " tag="041"><subfield code="a">rus</subfield></datafield><datafield ind1=" " ind2=" " tag="080"><subfield code="a">538.975</subfield></datafield><datafield ind1="1" ind2=" " tag="100"><subfield code="a">Hass, Georg</subfield></datafield><datafield ind1="1" ind2="0" tag="245"><subfield code="a">Fizka tonkih plenok</subfield><subfield code="b">Sovremennoe sostoianie issledovanii i tehniceskie primenenia tom i si ii</subfield><subfield code="c">Georg hass, rudolf e. thun</subfield></datafield><datafield ind1=" " ind2=" " tag="260"><subfield code="a">Moskva</subfield><subfield code="b">Mir</subfield><subfield code="c">1967</subfield></datafield><datafield ind1=" " ind2=" " tag="300"><subfield code="a">2 VOLUME</subfield></datafield><datafield ind1=" " ind2=" " tag="500"><subfield code="a">Titlul Original In Limba Engleza: Physics Of Thin Films Advances In Research And Development Volume I And Ii</subfield></datafield><datafield ind1="1" ind2=" " tag="700"><subfield code="a">Thun, Robert E</subfield></datafield><datafield ind1="1" ind2=" " tag="786"><subfield code="a">Vol. Ii</subfield><subfield code="d">396p</subfield></datafield><datafield ind1="1" ind2=" " tag="787"><subfield code="a">Vol.I</subfield><subfield code="d">343p</subfield></datafield><datafield ind1=" " ind2=" " tag="852"><subfield code="a">45739</subfield><subfield code="c">539.23</subfield></datafield><datafield ind1=" " ind2=" " tag="CAT"><subfield code="a">Sys</subfield><subfield code="c">20121218</subfield><subfield code="h">135825</subfield></datafield></record></collection>